@inproceedings{kaisler2013big,
  title={Big data: Issues and challenges moving forward},
  author={Kaisler, Stephen and Armour, Frank and Espinosa, J Alberto and Money, William},
  booktitle={System Sciences (HICSS), 2013 46th Hawaii International Conference on},
  pages={995--1004},
  year={2013},
  organization={IEEE}
}

@inproceedings{tang2015ripq,
  title={RIPQ: Advanced Photo Caching on Flash for Facebook.},
  author={Tang, Linpeng and Huang, Qi and Lloyd, Wyatt and Kumar, Sanjeev and Li, Kai},
  booktitle={FAST},
  pages={373--386},
  year={2015}
}

@inproceedings{nishtala2013scaling,
  title={Scaling Memcache at Facebook.},
  author={Nishtala, Rajesh and Fugal, Hans and Grimm, Steven and Kwiatkowski, Marc and Lee, Herman and Li, Harry C and McElroy, Ryan and Paleczny, Mike and Peek, Daniel and Saab, Paul and others},
  booktitle={nsdi},
  volume={13},
  pages={385--398},
  year={2013}
}

@article{ma2017segment,
  title={Segment access-aware dynamic semantic cache in cloud computing environment},
  author={Ma, Kun and Yang, Bo and Yang, Zhe and Yu, Ziqiang},
  journal={Journal of Parallel and Distributed Computing},
  volume={110},
  pages={42--51},
  year={2017},
  publisher={Elsevier}
}

@misc{davis2013java,
  title={Java application framework for use in a content delivery network (CDN)},
  author={Davis, Andrew Thomas and Parikh, Jay and Pichai, Srinivasan and Ruvinsky, Eddie and Stodolsky, Daniel and Tsimelzon, Mark and Weihl, William E},
  year={2013},
  month=mar # "~5",
  publisher={Google Patents},
  note={US Patent 8,392,912}
}

@inproceedings{wu2011characterization,
  title={Characterization and dynamic mitigation of intra-application cache interference},
  author={Wu, Carole-Jean and Martonosi, Margaret},
  booktitle={Performance Analysis of Systems and Software (ISPASS), 2011 IEEE International Symposium on},
  pages={2--11},
  year={2011},
  organization={IEEE}
}

@article{ma2017stream,
  title={Stream-based live data replication approach of in-memory cache},
  author={Kun Ma and Yang Bo},
  journal={Concurrency and Computation: Practice and Experience},
  volume={29},
  number={11},
  year={2017},
  publisher={Wiley Online Library}
}

@article{ma2017column,
  title={Column access-aware in-stream data cache with stream processing framework},
  author={Ma, Kun and Yang, Bo},
  journal={Journal of Signal Processing Systems},
  volume={86},
  number={2-3},
  pages={191--205},
  year={2017},
  publisher={Springer}
}


@inproceedings{candan2001enabling,
  title={Enabling dynamic content caching for database-driven web sites},
  author={Candan, K Sel{\c{c}}uk and Li, Wen-Syan and Luo, Qiong and Hsiung, Wang-Pin and Agrawal, Divyakant},
  booktitle={ACM SIGMOD Record},
  volume={30},
  number={2},
  pages={532--543},
  year={2001},
  organization={ACM}
}

@article{davison2001web,
  title={A web caching primer},
  author={Davison, Brian D},
  journal={IEEE internet computing},
  volume={5},
  number={4},
  pages={38--45},
  year={2001},
  publisher={IEEE}
}

@inproceedings{uruburo2014methodology,
  title={Methodology applied in the construction of a proxy-cache server},
  author={Uruburo, Jose A and Gomez, Carlos E and Candela, Christian A and Sepulveda, Luis E},
  booktitle={Computing Colombian Conference (9CCC), 2014 9th},
  pages={156--161},
  year={2014},
  organization={IEEE}
}

@article{mookerjee2002analysis,
  title={Analysis of a least recently used cache management policy for Web browsers},
  author={Mookerjee, Vijay S and Tan, Yong},
  journal={Operations Research},
  volume={50},
  number={2},
  pages={345--357},
  year={2002},
  publisher={INFORMS}
}

@article{vakali2003content,
  title={Content delivery networks: Status and trends},
  author={Vakali, Athena and Pallis, George},
  journal={IEEE Internet Computing},
  volume={7},
  number={6},
  pages={68--74},
  year={2003},
  publisher={IEEE}
}

@article{zawodny2009redis,
  title={Redis: Lightweight key/value store that goes the extra mile},
  author={Zawodny, Jeremy},
  journal={Linux Magazine},
  volume={79},
  year={2009}
}

@article{hafeez2017realizing,
  title={Realizing an Elastic Memcached via Cached Data Migration},
  author={Hafeez, Ubaid Ullah and Male, Deepthi and Naeni, Sharath Kumar and Wajahat, Muhammad and Gandhi, Anshul},
  journal={Restoration},
  volume={23},
  number={24},
  pages={25},
  year={2017}
}